@online{pioneer,
	Author = {Generation Robots},
	Date-Added = {2011-10-27 14:30:30 +0000},
	Date-Modified = {2011-10-27 14:32:34 +0000},
	Journal = {Telepolis},
	Keywords = {Writing},
	Lastchecked = {2019-01-16},
	Month = {January},
	Title = {Der Adept-Roboter Pioneer 3-DX: Ein Star in Ihrem Labor},
	Url = {https://www.generationrobots.com/de/402395-robot-mobile-pioneer-3-dx.html},
	Urldate = {2011-10-27},
	Year = {2006},
	Bdsk-Url-1 = {https://www.generationrobots.com/de/402395-robot-mobile-pioneer-3-dx.html}}
